@ARTICLE{2000A&AS..144..363A,
   author = {{Alard}, C.},
    title = "{Image subtraction using a space-varying kernel}",
  journal = {\aaps},
 keywords = {METHODS: NUMERICAL, METHODS: STATISTICAL, STARS: VARIABLES: GENERAL, COSMOLOGY: GRAVITATIONAL LENSING},
     year = 2000,
    month = jun,
   volume = 144,
    pages = {363-370},
      doi = {10.1051/aas:2000214},
   adsurl = {http://adsabs.harvard.edu/abs/2000A%26AS..144..363A},
  adsnote = {Provided by the SAO/NASA Astrophysics Data System}
}


@INPROCEEDINGS{2011ASPC..442..435B,
   author = {{Bertin}, E.},
    title = "{Automated Morphometry with SExtractor and PSFEx}",
booktitle = {Astronomical Data Analysis Software and Systems XX},
     year = 2011,
   series = {Astronomical Society of the Pacific Conference Series},
   volume = 442,
   editor = {{Evans}, I.~N. and {Accomazzi}, A. and {Mink}, D.~J. and {Rots}, A.~H.
	},
    month = jul,
    pages = {435},
   adsurl = {http://adsabs.harvard.edu/abs/2011ASPC..442..435B},
  adsnote = {Provided by the SAO/NASA Astrophysics Data System}
}

@ARTICLE{2013MNRAS.431.1275B,
   author = {{Bickerton}, S.~J. and {Lupton}, R.~H.},
    title = "{An algorithm for precise aperture photometry of critically sampled images}",
  journal = {\mnras},
archivePrefix = "arXiv",
   eprint = {1302.4764},
 primaryClass = "astro-ph.IM",
 keywords = {methods: analytical, methods: data analysis, methods: numerical, techniques: image processing, techniques: photometric},
     year = 2013,
    month = may,
   volume = 431,
    pages = {1275-1285},
      doi = {10.1093/mnras/stt244},
   adsurl = {http://adsabs.harvard.edu/abs/2013MNRAS.431.1275B},
  adsnote = {Provided by the SAO/NASA Astrophysics Data System}
}

@ARTICLE{BA2013,
   author = {{Bernstein}, G.~M. and {Armstrong}, R.},
    title = "{Bayesian Lensing Shear Measurement}",
  journal = {ArXiv e-prints},
archivePrefix = "arXiv",
   eprint = {1304.1843},
 primaryClass = "astro-ph.CO",
 keywords = {Astrophysics - Cosmology and Extragalactic Astrophysics},
     year = 2013,
    month = apr,
   adsurl = {http://adsabs.harvard.edu/abs/2013arXiv1304.1843B},
  adsnote = {Provided by the SAO/NASA Astrophysics Data System}
}

@ARTICLE{Miller2013,
   author = {{Miller}, L. and {Heymans}, C. and {Kitching}, T.~D. and {van Waerbeke}, L. and 
	{Erben}, T. and {Hildebrandt}, H. and {Hoekstra}, H. and {Mellier}, Y. and 
	{Rowe}, B.~T.~P. and {Coupon}, J. and {Dietrich}, J.~P. and 
	{Fu}, L. and {Harnois-D{\'e}raps}, J. and {Hudson}, M.~J. and 
	{Kilbinger}, M. and {Kuijken}, K. and {Schrabback}, T. and {Semboloni}, E. and 
	{Vafaei}, S. and {Velander}, M.},
    title = "{Bayesian galaxy shape measurement for weak lensing surveys - III. Application to the Canada-France-Hawaii Telescope Lensing Survey}",
  journal = {\mnras},
archivePrefix = "arXiv",
   eprint = {1210.8201},
 primaryClass = "astro-ph.CO",
 keywords = {gravitational lensing: weak, methods: data analysis, methods: statistical, cosmology: observations},
     year = 2013,
    month = mar,
   volume = 429,
    pages = {2858-2880},
      doi = {10.1093/mnras/sts454},
   adsurl = {http://adsabs.harvard.edu/abs/2013MNRAS.429.2858M},
  adsnote = {Provided by the SAO/NASA Astrophysics Data System}
}

@ARTICLE{Bosch2010,
   author = {{Bosch}, J.},
    title = "{Galaxy Modeling with Compound Elliptical Shapelets}",
  journal = {\aj},
archivePrefix = "arXiv",
   eprint = {1007.1681},
 primaryClass = "astro-ph.IM",
 keywords = {galaxies: structure, gravitational lensing: weak, methods: data analysis, techniques: image processing},
     year = 2010,
    month = sep,
   volume = 140,
    pages = {870-879},
      doi = {10.1088/0004-6256/140/3/870},
   adsurl = {http://adsabs.harvard.edu/abs/2010AJ....140..870B},
  adsnote = {Provided by the SAO/NASA Astrophysics Data System}
}

@ARTICLE{HL2013,
   author = {{Hogg}, D.~W. and {Lang}, D.},
    title = "{Replacing Standard Galaxy Profiles with Mixtures of Gaussians}",
  journal = {\pasp},
archivePrefix = "arXiv",
   eprint = {1210.6563},
 primaryClass = "astro-ph.IM",
 keywords = {Data Analysis and Techniques},
     year = 2013,
    month = jun,
   volume = 125,
    pages = {719-730},
      doi = {10.1086/671228},
   adsurl = {http://adsabs.harvard.edu/abs/2013PASP..125..719H},
  adsnote = {Provided by the SAO/NASA Astrophysics Data System}
}

@ARTICLE{JT2011,
   author = {{Jee}, M.~J. and {Tyson}, J.~A.},
    title = "{Toward Precision LSST Weak-Lensing Measurement. I. Impacts of Atmospheric Turbulence and Optical Aberration}",
  journal = {\pasp},
archivePrefix = "arXiv",
   eprint = {1011.1913},
 primaryClass = "astro-ph.IM",
 keywords = {Astronomical Techniques},
     year = 2011,
    month = may,
   volume = 123,
    pages = {596-614},
      doi = {10.1086/660137},
   adsurl = {http://adsabs.harvard.edu/abs/2011PASP..123..596J},
  adsnote = {Provided by the SAO/NASA Astrophysics Data System}
}



%% Copy and paste from ADS!
%% http://adsabs.harvard.edu/abstract_service.html

@ARTICLE{AstrometryDotNet,
   author = {{Lang}, D. and {Hogg}, D.~W. and {Mierle}, K. and {Blanton}, M. and 
	{Roweis}, S.},
    title = "{Astrometry.net: Blind Astrometric Calibration of Arbitrary Astronomical Images}",
  journal = {\aj},
archivePrefix = "arXiv",
   eprint = {0910.2233},
     year = 2010,
    month = may,
   volume = 139,
    pages = {1782-1800},
      doi = {10.1088/0004-6256/139/5/1782},
   adsurl = {http://adsabs.harvard.edu/abs/2010AJ....139.1782L},
  adsnote = {Provided by the SAO/NASA Astrophysics Data System}
}


@misc{SdssPhoto,
author = {{Lupton}, R.~H. and others},
title = {{SDSS} Image Processing {II}: The \emph{Photo} Pipelines},
year = 2001,
howpublished = {\url{http://www.astro.princeton.edu/~rhl/photo-lite.pdf}}
}

@INPROCEEDINGS{Miyazaki++06,
   author = {{Miyazaki}, S. and {Komiyama}, Y. and {Nakaya}, H. and {Doi}, Y. and 
	{Furusawa}, H. and {Gillingham}, P. and {Kamata}, Y. and {Takeshi}, K. and 
	{Nariai}, K.},
    title = "{HyperSuprime: project overview}",
booktitle = {Society of Photo-Optical Instrumentation Engineers (SPIE) Conference Series},
     year = 2006,
   series = {Society of Photo-Optical Instrumentation Engineers (SPIE) Conference Series},
   volume = 6269,
    month = jul,
      doi = {10.1117/12.672739},
   adsurl = {http://adsabs.harvard.edu/abs/2006SPIE.6269E...9M},
  adsnote = {Provided by the SAO/NASA Astrophysics Data System}
}

@ARTICLE{2008ApJ...674.1217P,
   author = {{Padmanabhan}, N. and {Schlegel}, D.~J. and {Finkbeiner}, D.~P. and 
	{Barentine}, J.~C. and {Blanton}, M.~R. and {Brewington}, H.~J. and 
	{Gunn}, J.~E. and {Harvanek}, M. and {Hogg}, D.~W. and {Ivezi{\'c}}, {\v Z}. and 
	{Johnston}, D. and {Kent}, S.~M. and {Kleinman}, S.~J. and {Knapp}, G.~R. and 
	{Krzesinski}, J. and {Long}, D. and {Neilsen}, Jr., E.~H. and 
	{Nitta}, A. and {Loomis}, C. and {Lupton}, R.~H. and {Roweis}, S. and 
	{Snedden}, S.~A. and {Strauss}, M.~A. and {Tucker}, D.~L.},
    title = "{An Improved Photometric Calibration of the Sloan Digital Sky Survey Imaging Data}",
  journal = {\apj},
   eprint = {arXiv:astro-ph/0703454},
 keywords = {Techniques: Photometric},
     year = 2008,
    month = feb,
   volume = 674,
    pages = {1217-1233},
      doi = {10.1086/524677},
   adsurl = {http://adsabs.harvard.edu/abs/2008ApJ...674.1217P},
  adsnote = {Provided by the SAO/NASA Astrophysics Data System}
}

@ARTICLE{2007MNRAS.382..315M,
   author = {{Miller}, L. and {Kitching}, T.~D. and {Heymans}, C. and {Heavens}, A.~F. and 
	{van Waerbeke}, L.},
    title = "{Bayesian galaxy shape measurement for weak lensing surveys - I. Methodology and a fast-fitting algorithm}",
  journal = {\mnras},
archivePrefix = "arXiv",
   eprint = {0708.2340},
 keywords = {gravitational lensing, methods: data analysis, methods: statistical, techniques: miscellaneous},
     year = 2007,
    month = nov,
   volume = 382,
    pages = {315-324},
      doi = {10.1111/j.1365-2966.2007.12363.x},
   adsurl = {http://ukads.nottingham.ac.uk/abs/2007MNRAS.382..315M},
  adsnote = {Provided by the SAO/NASA Astrophysics Data System}
}

@ARTICLE{2012arXiv1209.4643M,
   author = {{Miyatake}, H. and {Nishizawa}, A.~J. and {Takada}, M. and {Mandelbaum}, R. and 
	{Mineo}, S. and {Aihara}, H. and {Spergel}, D.~N. and {Bickerton}, S.~J. and 
	{Bond}, J.~R. and {Hajian}, A. and {Hilton}, M. and {Hincks}, A.~D. and 
	{Hughes}, J.~P. and {Infante}, L. and {Lin}, Y.-T. and {Lupton}, R.~H. and 
	{Marriage}, T.~A. and {Marsden}, D. and {Menanteau}, F. and 
	{Miyazaki}, S. and {Moodley}, K. and {Niemack}, M.~D. and {Oguri}, M. and 
	{Price}, P.~A. and {Reese}, E.~D. and {Sifon}, C. and {Wollack}, E.~J. and 
	{Yasuda}, N.},
    title = "{Subaru weak-lensing measurement of a z = 0.81 cluster discovered by the Atacama Cosmology Telescope Survey}",
  journal = {ArXiv e-prints},
archivePrefix = "arXiv",
   eprint = {1209.4643},
 primaryClass = "astro-ph.CO",
 keywords = {Astrophysics - Cosmology and Extragalactic Astrophysics},
     year = 2012,
    month = sep,
   adsurl = {http://adsabs.harvard.edu/abs/2012arXiv1209.4643M},
  adsnote = {Provided by the SAO/NASA Astrophysics Data System}
}

@ARTICLE{2012ApJ...756..158S,
   author = {{Schlafly}, E.~F. and {Finkbeiner}, D.~P. and {Juri{\'c}}, M. and 
	{Magnier}, E.~A. and {Burgett}, W.~S. and {Chambers}, K.~C. and 
	{Grav}, T. and {Hodapp}, K.~W. and {Kaiser}, N. and {Kudritzki}, R.-P. and 
	{Martin}, N.~F. and {Morgan}, J.~S. and {Price}, P.~A. and {Rix}, H.-W. and 
	{Stubbs}, C.~W. and {Tonry}, J.~L. and {Wainscoat}, R.~J.},
    title = "{Photometric Calibration of the First 1.5 Years of the Pan-STARRS1 Survey}",
  journal = {\apj},
archivePrefix = "arXiv",
   eprint = {1201.2208},
 primaryClass = "astro-ph.IM",
 keywords = {atmospheric effects, methods: data analysis, surveys, techniques: photometric},
     year = 2012,
    month = sep,
   volume = 756,
      eid = {158},
    pages = {158},
      doi = {10.1088/0004-637X/756/2/158},
   adsurl = {http://adsabs.harvard.edu/abs/2012ApJ...756..158S},
  adsnote = {Provided by the SAO/NASA Astrophysics Data System}
}

@ARTICLE{2003MNRAS.343..459H,
   author = {{Hirata}, C. and {Seljak}, U.},
    title = "{Shear calibration biases in weak-lensing surveys}",
  journal = {\mnras},
   eprint = {arXiv:astro-ph/0301054},
 keywords = {gravitational lensing, methods: data analysis},
     year = 2003,
    month = aug,
   volume = 343,
    pages = {459-480},
      doi = {10.1046/j.1365-8711.2003.06683.x},
   adsurl = {http://adsabs.harvard.edu/abs/2003MNRAS.343..459H},
  adsnote = {Provided by the SAO/NASA Astrophysics Data System}
}

@ARTICLE{2005MNRAS.361.1287M,
   author = {{Mandelbaum}, R. and {Hirata}, C.~M. and {Seljak}, U. and {Guzik}, J. and 
	{Padmanabhan}, N. and {Blake}, C. and {Blanton}, M.~R. and {Lupton}, R. and 
	{Brinkmann}, J.},
    title = "{Systematic errors in weak lensing: application to SDSS galaxy-galaxy weak lensing}",
  journal = {\mnras},
   eprint = {arXiv:astro-ph/0501201},
 keywords = {gravitational lensing, galaxies: distances and redshifts, galaxies: halos},
     year = 2005,
    month = aug,
   volume = 361,
    pages = {1287-1322},
      doi = {10.1111/j.1365-2966.2005.09282.x},
   adsurl = {http://adsabs.harvard.edu/abs/2005MNRAS.361.1287M},
  adsnote = {Provided by the SAO/NASA Astrophysics Data System}
}

@ARTICLE{1995ApJ...449..460K,
   author = {{Kaiser}, N. and {Squires}, G. and {Broadhurst}, T.},
    title = "{A Method for Weak Lensing Observations}",
  journal = {\apj},
   eprint = {arXiv:astro-ph/9411005},
 keywords = {COSMOLOGY: OBSERVATIONS, COSMOLOGY: DARK MATTER, GALAXIES: FORMATION, COSMOLOGY: GRAVITATIONAL LENSING, COSMOLOGY: LARGE-SCALE STRUCTURE OF UNIVERSE},
     year = 1995,
    month = aug,
   volume = 449,
    pages = {460},
      doi = {10.1086/176071},
   adsurl = {http://adsabs.harvard.edu/abs/1995ApJ...449..460K},
  adsnote = {Provided by the SAO/NASA Astrophysics Data System}
}

@ARTICLE{2002AJ....123..583B,
   author = {{Bernstein}, G.~M. and {Jarvis}, M.},
    title = "{Shapes and Shears, Stars and Smears: Optimal Measurements for Weak Lensing}",
  journal = {\aj},
   eprint = {arXiv:astro-ph/0107431},
 keywords = {Cosmology: Gravitational Lensing, Methods: Data Analysis, Techniques: Image Processing},
     year = 2002,
    month = feb,
   volume = 123,
    pages = {583-618},
      doi = {10.1086/338085},
   adsurl = {http://adsabs.harvard.edu/abs/2002AJ....123..583B},
  adsnote = {Provided by the SAO/NASA Astrophysics Data System}
}

@ARTICLE{2007MNRAS.376...13M,
   author = {{Massey}, R. and {Heymans}, C. and {Berg{\'e}}, J. and {Bernstein}, G. and 
	{Bridle}, S. and {Clowe}, D. and {Dahle}, H. and {Ellis}, R. and 
	{Erben}, T. and {Hetterscheidt}, M. and {High}, F.~W. and {Hirata}, C. and 
	{Hoekstra}, H. and {Hudelot}, P. and {Jarvis}, M. and {Johnston}, D. and 
	{Kuijken}, K. and {Margoniner}, V. and {Mandelbaum}, R. and 
	{Mellier}, Y. and {Nakajima}, R. and {Paulin-Henriksson}, S. and 
	{Peeples}, M. and {Roat}, C. and {Refregier}, A. and {Rhodes}, J. and 
	{Schrabback}, T. and {Schirmer}, M. and {Seljak}, U. and {Semboloni}, E. and 
	{van Waerbeke}, L.},
    title = "{The Shear Testing Programme 2: Factors affecting high-precision weak-lensing analyses}",
  journal = {\mnras},
   eprint = {arXiv:astro-ph/0608643},
 keywords = {gravitational lensing, methods: data analysis, cosmology: observations},
     year = 2007,
    month = mar,
   volume = 376,
    pages = {13-38},
      doi = {10.1111/j.1365-2966.2006.11315.x},
   adsurl = {http://adsabs.harvard.edu/abs/2007MNRAS.376...13M},
  adsnote = {Provided by the SAO/NASA Astrophysics Data System}
}

@ARTICLE{2003MNRAS.338...35R,
   author = {{Refregier}, A.},
    title = "{Shapelets - I. A method for image analysis}",
  journal = {\mnras},
   eprint = {arXiv:astro-ph/0105178},
 keywords = {gravitational lensing, methods: analytical, methods: data analysis, techniques: image processing, surveys},
     year = 2003,
    month = jan,
   volume = 338,
    pages = {35-47},
      doi = {10.1046/j.1365-8711.2003.05901.x},
   adsurl = {http://adsabs.harvard.edu/abs/2003MNRAS.338...35R},
  adsnote = {Provided by the SAO/NASA Astrophysics Data System}
}

@ARTICLE{1980ApJS...43..305K,
   author = {{Kron}, R.~G.},
    title = "{Photometry of a complete sample of faint galaxies}",
  journal = {\apjs},
 keywords = {ASTRONOMICAL PHOTOMETRY, GALACTIC RADIATION, GALAXIES, STAR DISTRIBUTION, CALIBRATING, COLORIMETRY, DISTRIBUTION FUNCTIONS, GALACTIC EVOLUTION, LUMINOUS INTENSITY, TABLES (DATA)},
     year = 1980,
    month = jun,
   volume = 43,
    pages = {305-325},
      doi = {10.1086/190669},
   adsurl = {http://adsabs.harvard.edu/abs/1980ApJS...43..305K},
  adsnote = {Provided by the SAO/NASA Astrophysics Data System}
}


@ARTICLE{2002AJ....124.1810S,
   author = {{Strauss}, M.~A. and {Weinberg}, D.~H. and {Lupton}, R.~H. and 
	{Narayanan}, V.~K. and {Annis}, J. and {Bernardi}, M. and {Blanton}, M. and 
	{Burles}, S. and {Connolly}, A.~J. and {Dalcanton}, J. and {Doi}, M. and 
	{Eisenstein}, D. and {Frieman}, J.~A. and {Fukugita}, M. and 
	{Gunn}, J.~E. and {Ivezi{\'c}}, {\v Z}. and {Kent}, S. and {Kim}, R.~S.~J. and 
	{Knapp}, G.~R. and {Kron}, R.~G. and {Munn}, J.~A. and {Newberg}, H.~J. and 
	{Nichol}, R.~C. and {Okamura}, S. and {Quinn}, T.~R. and {Richmond}, M.~W. and 
	{Schlegel}, D.~J. and {Shimasaku}, K. and {SubbaRao}, M. and 
	{Szalay}, A.~S. and {Vanden Berk}, D. and {Vogeley}, M.~S. and 
	{Yanny}, B. and {Yasuda}, N. and {York}, D.~G. and {Zehavi}, I.
	},
    title = "{Spectroscopic Target Selection in the Sloan Digital Sky Survey: The Main Galaxy Sample}",
  journal = {\aj},
   eprint = {arXiv:astro-ph/0206225},
 keywords = {Galaxies: Distances and Redshifts, Galaxies: Photometry, Surveys},
     year = 2002,
    month = sep,
   volume = 124,
    pages = {1810-1824},
      doi = {10.1086/342343},
   adsurl = {http://adsabs.harvard.edu/abs/2002AJ....124.1810S},
  adsnote = {Provided by the SAO/NASA Astrophysics Data System}
}

@ARTICLE{1976ApJ...209L...1P,
   author = {{Petrosian}, V.},
    title = "{Surface brightness and evolution of galaxies}",
  journal = {\apjl},
 keywords = {ASTRONOMICAL MODELS, GALACTIC EVOLUTION, LUMINOUS INTENSITY, RED SHIFT, SURFACE PROPERTIES, BIG BANG COSMOLOGY, COSMOLOGY, HUBBLE DIAGRAM, ITERATIVE SOLUTION, POINT SOURCES},
     year = 1976,
    month = oct,
   volume = 209,
    pages = {L1-L5},
      doi = {10.1086/182253},
   adsurl = {http://adsabs.harvard.edu/abs/1976ApJ...209L...1P},
  adsnote = {Provided by the SAO/NASA Astrophysics Data System}
}

@INPROCEEDINGS{2005ASPC..338..151L,
   author = {{Lupton}, R. and {Ivezi{\'c}}, {\v Z}.},
    title = "{Experience with SDSS: the Promise and Perils of Large Surveys}",
booktitle = {Astrometry in the Age of the Next Generation of Large Telescopes},
     year = 2005,
   series = {Astronomical Society of the Pacific Conference Series},
   volume = 338,
   editor = {{Seidelmann}, P.~K. and {Monet}, A.~K.~B.},
    month = oct,
    pages = {151},
   adsurl = {http://adsabs.harvard.edu/abs/2005ASPC..338..151L},
  adsnote = {Provided by the SAO/NASA Astrophysics Data System}
}

@ARTICLE{1998ApJ...503..325A,
   author = {{Alard}, C. and {Lupton}, R.~H.},
    title = "{A Method for Optimal Image Subtraction}",
  journal = {\apj},
   eprint = {arXiv:astro-ph/9712287},
 keywords = {METHODS: DATA ANALYSIS, METHODS: STATISTICAL, TECHNIQUES: IMAGE PROCESSING},
     year = 1998,
    month = aug,
   volume = 503,
    pages = {325},
      doi = {10.1086/305984},
   adsurl = {http://adsabs.harvard.edu/abs/1998ApJ...503..325A},
  adsnote = {Provided by the SAO/NASA Astrophysics Data System}
}

@ARTICLE{2011arXiv1111.6958H,
   author = {{Huff}, E.~M. and {Hirata}, C.~M. and {Mandelbaum}, R. and {Schlegel}, D. and 
	{Seljak}, U. and {Lupton}, R.~H.},
    title = "{Seeing in the dark -- I. Multi-epoch alchemy}",
  journal = {ArXiv e-prints},
archivePrefix = "arXiv",
   eprint = {1111.6958},
 primaryClass = "astro-ph.CO",
 keywords = {Astrophysics - Cosmology and Extragalactic Astrophysics},
     year = 2011,
    month = nov,
   adsurl = {http://adsabs.harvard.edu/abs/2011arXiv1111.6958H},
  adsnote = {Provided by the SAO/NASA Astrophysics Data System}
}

@ARTICLE{2007PASA...24..189T,
   author = {{Tabur}, V.},
    title = "{Fast Algorithms for Matching CCD Images to a Stellar Catalogue}",
  journal = {\pasa},
archivePrefix = "arXiv",
   eprint = {0710.3618},
 keywords = {astrometry, methods: data analysis, surveys},
     year = 2007,
    month = dec,
   volume = 24,
    pages = {189-198},
      doi = {10.1071/AS07028},
   adsurl = {http://adsabs.harvard.edu/abs/2007PASA...24..189T},
  adsnote = {Provided by the SAO/NASA Astrophysics Data System}
}

@INPROCEEDINGS{2005ASPC..347..491S,
   author = {{Shupe}, D.~L. and {Moshir}, M. and {Li}, J. and {Makovoz}, D. and 
	{Narron}, R. and {Hook}, R.~N.},
    title = "{The SIP Convention for Representing Distortion in FITS Image Headers}",
booktitle = {Astronomical Data Analysis Software and Systems XIV},
     year = 2005,
   series = {Astronomical Society of the Pacific Conference Series},
   volume = 347,
   editor = {{Shopbell}, P. and {Britton}, M. and {Ebert}, R.},
    month = dec,
    pages = {491},
   adsurl = {http://adsabs.harvard.edu/abs/2005ASPC..347..491S},
  adsnote = {Provided by the SAO/NASA Astrophysics Data System}
}

@ARTICLE{2002A&A...395.1077C,
   author = {{Calabretta}, M.~R. and {Greisen}, E.~W.},
    title = "{Representations of celestial coordinates in FITS}",
  journal = {\aap},
   eprint = {arXiv:astro-ph/0207413},
 keywords = {methods: data analysis, techniques: image processing, astronomical data bases: miscellaneous, astrometry},
     year = 2002,
    month = dec,
   volume = 395,
    pages = {1077-1122},
      doi = {10.1051/0004-6361:20021327},
   adsurl = {http://adsabs.harvard.edu/abs/2002A%26A...395.1077C},
  adsnote = {Provided by the SAO/NASA Astrophysics Data System}
}

@ARTICLE{2012MNRAS.425.1341B,
   author = {{Becker}, A.~C. and {Homrighausen}, D. and {Connolly}, A.~J. and 
	{Genovese}, C.~R. and {Owen}, R. and {Bickerton}, S.~J. and 
	{Lupton}, R.~H.},
    title = "{Regularization techniques for PSF-matching kernels - I. Choice of kernel basis}",
  journal = {\mnras},
archivePrefix = "arXiv",
   eprint = {1202.2902},
 primaryClass = "astro-ph.IM",
 keywords = {methods: data analysis, techniques: image processing, techniques: photometric },
     year = 2012,
    month = sep,
   volume = 425,
    pages = {1341-1349},
      doi = {10.1111/j.1365-2966.2012.21542.x},
   adsurl = {http://adsabs.harvard.edu/abs/2012MNRAS.425.1341B},
  adsnote = {Provided by the SAO/NASA Astrophysics Data System}
}

@ARTICLE{2010ApJS..191...58S,
   author = {{Spergel}, D.~N.},
    title = "{Analytical Galaxy Profiles for Photometric and Lensing Analysis}",
  journal = {\apjs},
archivePrefix = "arXiv",
   eprint = {1007.3248},
 primaryClass = "astro-ph.CO",
 keywords = {galaxies: fundamental parameters, galaxies: photometry, gravitational lensing: weak},
     year = 2010,
    month = nov,
   volume = 191,
    pages = {58-65},
      doi = {10.1088/0067-0049/191/1/58},
   adsurl = {http://adsabs.harvard.edu/abs/2010ApJS..191...58S},
  adsnote = {Provided by the SAO/NASA Astrophysics Data System}
}

@ARTICLE{Bernstein:2002,
  author = {{Bernstein}, G.~M. and {Jarvis}, M.},
   title = "{Shapes and Shears, Stars and Smears: Optimal Measurements for Weak Lensing}",
 journal = {\aj},
  eprint = {arXiv:astro-ph/0107431},
keywords = {Cosmology: Gravitational Lensing, Methods: Data Analysis, Techniques: Image Processing},
    year = 2002,
   month = feb,
  volume = 123,
   pages = {583-618},
     doi = {10.1086/338085},
  adsurl = {http://adsabs.harvard.edu/abs/2002AJ....123..583B},
 adsnote = {Provided by the SAO/NASA Astrophysics Data System}
}

@ARTICLE{Nakajima:2006,
  author = {{Nakajima}, R. and {Bernstein}, G.},
   title = "{Shear Recovery Accuracy in Weak-Lensing Analysis with the Elliptical Gauss-Laguerre Method}",
 journal = {\aj},
  eprint = {arXiv:astro-ph/0607062},
keywords = {gravitational lensing, methods: data analysis, techniques: image processing},
    year = 2007,
   month = apr,
  volume = 133,
   pages = {1763-1779},
     doi = {10.1086/511957},
  adsurl = {http://adsabs.harvard.edu/abs/2007AJ....133.1763N},
 adsnote = {Provided by the SAO/NASA Astrophysics Data System}
}

@ARTICLE{HoggLangMoG,
   author = {{Hogg}, David W. and {Lang}, Dustin},
    title = "{Replacing standard galaxy profiles with mixtures of Gaussians}",
  journal = {ArXiv e-prints},
archivePrefix = "arXiv",
   eprint = {1210.6563},
 primaryClass = "astro-ph.IM",
     year = 2012,
    month = oct,
   adsurl = {http://adsabs.harvard.edu/abs/2012arXiv1210.6563H},
  adsnote = {Provided by the SAO/NASA Astrophysics Data System}
}

@ARTICLE{2012arXiv1210.2732J,
   author = {{Jee}, M.~J. and {Tyson}, J.~A. and {Schneider}, M.~D. and {Wittman}, D. and 
	{Schmidt}, S. and {Hilbert}, S.},
    title = "{Cosmic shear results from the deep lens survey - I: Joint constraints on omega\_m and sigma\_8 with a two-dimensional analysis}",
  journal = {ArXiv e-prints},
archivePrefix = "arXiv",
   eprint = {1210.2732},
 primaryClass = "astro-ph.CO",
 keywords = {Astrophysics - Cosmology and Extragalactic Astrophysics},
     year = 2012,
    month = oct,
   adsurl = {http://adsabs.harvard.edu/abs/2012arXiv1210.2732J},
  adsnote = {Provided by the SAO/NASA Astrophysics Data System}
}

@ARTICLE{2011PASJ...63S.585F,
   author = {{Furusawa}, H. and {Okura}, Y. and {Mineo}, S. and {Takata}, T. and 
	{Nakata}, F. and {Tanaka}, M. and {Katayama}, N. and {Itoh}, R. and 
	{Yasuda}, N. and {Miyazaki}, S. and {Komiyama}, Y. and {Utsumi}, Y. and 
	{Uchida}, T. and {Aihara}, H.},
    title = "{First On-Site Data Analysis System for Subaru/Suprime-Cam}",
  journal = {\pasj},
 keywords = {Astronomical data bases: miscellaneous, Methods: data analysis, Techniques: image processing},
     year = 2011,
    month = mar,
   volume = 63,
    pages = {585-},
   adsurl = {http://adsabs.harvard.edu/abs/2011PASJ...63S.585F},
  adsnote = {Provided by the SAO/NASA Astrophysics Data System}
}

